@article{solid-principles-article,
  title = {SOLID против GRASP},
  author = {Лавров Д. Н. and Лаврова Д. Д.},
  journal = {Математические структуры и моделирование},
  year = {2025},
  doi = {10.24147/2222-8772.2025.1.125-135},
  url = {https://msm.omsu.ru/jrns/jrn73/Lavrovs_73.pdf},
  date = {21.09.2025},
  publisher = {Нижневартовский государственный университет, Омский
               государственный университет им. Ф.М. Достоевского},
}